@INPROCEEDINGS{4732894, 
author={Lu Zonglei and Wang Jiandong and Zheng Guansheng}, 
booktitle={Knowledge Acquisition and Modeling, 2008. KAM '08. International Symposium on}, 
title={A New Method to Alarm Large Scale of Flights Delay Based on Machine Learning}, 
year={2008}, 
month={Dec}, 
pages={589-592}, 
keywords={aerospace computing;unsupervised learning;flight delays;flights data;machine learning;supervised learning method;unsupervised learning;Airports;Delay effects;Educational institutions;Information science;Knowledge acquisition;Large-scale systems;Learning systems;Machine learning;Space technology;Unsupervised learning;Classification;Clustering;Flights Delay;Machine Learning;Unsupervised Learning}, 
doi={10.1109/KAM.2008.18},}
@INPROCEEDINGS{6891588, 
author={Khanmohammadi, Sina and Chou, Chun-An and Lewis, Harold W. and Elias, Doug}, 
booktitle={Fuzzy Systems (FUZZ-IEEE), 2014 IEEE International Conference on}, 
title={A systems approach for scheduling aircraft landings in JFK airport}, 
year={2014}, 
month={July}, 
pages={1578-1585}, 
keywords={Aircraft;Airports;Computational modeling;Decision making;Delays;Dynamic scheduling}, 
doi={10.1109/FUZZ-IEEE.2014.6891588},}
@INPROCEEDINGS{5655493, 
author={Klein, A and Craun, C. and Lee, R.S.}, 
booktitle={Digital Avionics Systems Conference (DASC), 2010 IEEE/AIAA 29th}, 
title={Airport delay prediction using weather-impacted traffic index (WITI) model}, 
year={2010}, 
month={Oct}, 
pages={2.B.1-1-2.B.1-13}, 
keywords={aerospace safety;airports;decision support systems;delays;weather forecasting;NAS delays;WITI-FA;airport delay prediction;airport delay predictor model;decision support tool;gauge demand reduction;high-level model;predicted delays;sustainable delays;terminal area forecast;traffic demand;weather forecast product;weather impacted traffic index model;weather scheduled traffic data;Airports;Atmospheric modeling;Delay;Predictive models;Weather forecasting;Wind}, 
doi={10.1109/DASC.2010.5655493}, 
ISSN={2155-7195},}
